{1:F01POFICHB0AXXX0000000000}{2:I940XXXXXXXXXXXXN}{3:{108:SWIFT00010366275}}{4:
:20:SWIFT00010366275
:25:CH2909000000250094239
:28C:118/1
:60F:C200618CHF211993,19
:61:2006180618C4,50FMSC201-31295235//0758103031480900
20200618375203031480900000000000
:86:GUTSCHRIFT CH-DD-BASISLASTSCHRIFT ID-NR. DES ZAHLUNGSEMPFANGERS: 
41100000000872849 REFERENZ-NR: PmtInfId-CHDD-1
:61:2006180618C1500,FMSC6536086135//07582000303F0C7U
202006180005000303F0C7U000000000
:86:SAMMELGUTSCHRIFT FÜR KONTO: CH2909000000250094239 VERARBEITUNG VO
M 17.06.2020 PAKET ID: 9999999999999999
:61:2006180618C1409,FMSC6536092290//07582000303F536U
202006180005000303F536U000000000
:86:SAMMELGUTSCHRIFT FÜR KONTO: CH7730000001250094239 VERARBEITUNG VO
M 18.06.2020 PAKET ID: 200618CH000009TB
:61:2006190618C1537,FMSC6536334052//07582000303KBMSU
202011190005000303KBMSU000000000
:86:SAMMELGUTSCHRIFT ESR VERARBEITUNG VOM 18.06.2020 KUNDENNUMMER 01-
429580-3 PAKET ID: 200618CH00000UR0
:62F:C200618CHF216443,69
:64:C200618CHF213497,69
:65:C200619CHF216443,69
-}