{1:F01POFICHB0AXXX0000000000}{2:I942XXXXXXXXXXXXN}{3:{108:SWIFT10244434}}{4:
:20:SWIFT10244434
:25:CH2909000000250094239
:28C:52/1
:34F:CHFD0,
:34F:CHFC0,
:13D:1803151605+0100
:61:1803150315D103,FMSC6520335047//074820002ZU1EPZK
2018031500050002ZU1EPZK000000000
:86:8999?61GIRO POST CH5109000000250092291 Bernasconi Maria Place de 
la Gare 12 2502 Biel/Bienne SENDER REFERENZ: 30003101
:61:1803150315D913,FMSC6520335048//074820002ZU1EQ0K
2018031500050002ZU1EQ0K000000000
:86:8999?61GIRO POST CH5109000000250092291 Bernasconi Maria Place de 
la Gare 12 2502 Biel/Bienne SENDER REFERENZ: 30003101
:90D:2CHF1016,
:90C:0CHF0,
-}